  @InProceedings{vahldiek2019erim,
  author = {Anjo Vahldiek-Oberwagner and Eslam Elnikety and Nuno O. Duarte and Michael Sammler and Peter Druschel and Deepak Garg},
  title = {ERIM: Secure, Efficient In-process Isolation with Protection Keys (MPK)},
  booktitle = {Proceedings of the USENIX Security Symposium},
  year = {2019},
  publisher = {USENIX Association}
}

@InProceedings{hedayati2019hodor,
  author = {Mohammad Hedayati and Spyridoula Gravani and Ethan Johnson and John Criswell and Michael L. Scott and Kai Shen and Mike Marty},
  title = {Hodor: Intra-Process Isolation for High-Throughput Data Plane Libraries},
  booktitle = {Proceedings of the USENIX Annual Technical Conference (ATC)},
  year = {2019},
  publisher = {USENIX Association}
}
